@online{szabi_pogi,
  author     = {Mindmegette.hu},
  title      = {Péksuli Szabival: Sajtos pogácsa | Mindmegette.hu},
  date       = {2019-05-17},
  url        = {https://www.youtube.com/watch?v=VCBJEsJE6ig},
}

@online{wiki_gluten,
  author     = {Wikipedia},
  title      = {Glutén},
  date       = {2022-07-01},
  url        = {https://hu.wikipedia.org/wiki/Glut%C3%A9n},
}

@online{kab_eleszto_atvaltas,
  author     = {King Arthur Baking},
  title      = {Yeast},
  date       = {2022-12-04},
  url        = {https://www.kingarthurbaking.com/pro/reference/yeast},
}

